

@BOOK{Lehmann/Casella:1998,
      AUTHOR = {E. L. Lehmann and G. Casella},
       TITLE = {Theory of Point Estimation},
   PUBLISHER = {Springer-Verlag},
     ADDRESS = {New York},
        YEAR = {1998},
     Edition = {second}
}




@ARTICLE{Rao:1945,
   YEAR = {1945},
 AUTHOR = {C. R. Rao},
  TITLE = {Information and accuracy attainable in the estimation of statistical parameters},
JOURNAL = {Bulletin of the Calcutta Mathematical Society},
 VOLUME = {37},
  PAGES = {81-91}
}


@ARTICLE{Blackwell:1947,
   YEAR = {1947},
 AUTHOR = {D. Blackwell},
  TITLE = {Conditional Expectation and Unbiased Sequential Estimation},
JOURNAL = {Annals of Mathematical Statistics},
 VOLUME = {18},
  PAGES = {105-110}
}


@phdthesis{Gao:2020a,
 author = {X. Gao},
  title = {Determination of the Optimal Facility Location based on the Minimum Distance Approach},
 school = {Pusan National University},
address = {Busan, Korean},
   year = {2020} }





@UNPUBLISHED{Jeong/Son/Lee/Kim:2018,
  YEAR = {2018},
AUTHOR = {R. Jeong and S. B. Son and H. J. Lee and H. Kim},
 TITLE = {On the robustification of the $z$-test statistic},
  NOTE = {Presented at KIIE Conference, Gyeongju, Korea. April 6, 2018},
}     

@INCOLLECTION{Ouyang/Park/etc:2019,
     YEAR = {2019},
   AUTHOR = {L. Ouyang and C. Park and J.-H. Byun and M. Leeds},
    TITLE = {Robust Design in the Case of Data Contamination
           and Model Departure},
BOOKTITLE = {Statistical Quality Technologies: Theory and Practice
             (ICSA Book Series in Statistics)},
    PAGES = {347-373},
PUBLISHER = {Springer},
address = {Cham},
   EDITOR = {Y. Lio and H. Ng and T. R. Tsai and D. G. Chen}
}

@techreport{Eun/etc:1989,
     author = {H. J. Eun and B. D. Lim and W. S. Cheung and Y. H. Kim
               and C. Park},
      title = {Development of Acoustic Antenna Technology
               for Noise Source Detection},
institution = {Ministry of Science and Technology (Korea)},
       type = {Technical Report},
     number = {KSRI-89-92-IR},
       note = {Written in Korean},
       year = {1989}
}       


@ARTICLE{Benneyan:2000,
        YEAR = {2000},
      AUTHOR = {J. C. Benneyan},
       TITLE = {Number-between $g$-type statistical quality control charts for monitoring adverse events},
     JOURNAL = {Health Care Management Science},
      VOLUME = {4},
       PAGES = {305-318}
}

@inproceedings{Benneyan:1999,
        YEAR = {1999},
      AUTHOR = {J. C. Benneyan},
       TITLE = {Geometric-based $g$-type statistical control charts for infrequent adverse events},
   BOOKTITLE = {Institute of Industrial Engineers Society for Health Systems Conf. Proc.},
       PAGES = {175-185}
}





@MISC{MinitabSupport20,
       year = {2020},
     author = {Minitab},
      title = {Methods and formulas for $g$ Chart},
howpublished= {Minitab 20 Support},
NOTE= {\url{https://support.minitab.com/en-us/minitab/20/} (accessed on December 24, 2020)}
}




@misc{Hankin:2016,
   year = {2016},
 author = {R. K. S. Hankin},
  title = {\texttt{hypergeo}: The {Gauss} Hypergeometric Function},
   note = {R package version 1.2.13 (published on April 7, 2016)},
howpublished = {\url{https://CRAN.R-project.org/package=hypergeo}},
}


