
@ARTICLE{Benneyan:2001a,
        YEAR = {2001},
      AUTHOR = {J. C. Benneyan},
       TITLE = {Number-Between $g$-Type Statistical Quality Control Charts
                for Monitoring Adverse Events},
     JOURNAL = {Health Care Management Science},
      VOLUME = {4},
       PAGES = {305-318}
}

@article{Jacquez/Waller/Grimson/Wartenberg:1996,
 author={Jacquez, G. M. and Waller, L. A. and Grimson, R. and Wartenberg, D.},
   year={1996},
  title={The Analysis of Disease Clusters, {Part I}: State of the Art},
 volume={17},
 number={5},
journal={Infection Control and Hospital Epidemiology},
pages={319-327}
}

@ARTICLE{Stigler:1977,
      AUTHOR = {Stigler, S. M.},
       TITLE = {Do robust estimators work with real data?},
     JOURNAL = {Annals of Statistics},
        YEAR = {1977},
      VOLUME = {5},
       PAGES = {1055-1098}
}

@ARTICLE{Quesenberry:1995b,
 author = {C. P. Quesenberry},
  year  = {1995},
  title = {Geometric Q Charts for High Quality Processes},
journal = {Journal of Quality Technology},
 volume = {27},
 number = {4},
  pages = {304-315}
}

@ARTICLE{Yang/etc:2002,
        YEAR = {2002},
      AUTHOR = {Z. Yang and M. Xie and V. Kuralmani and K.-L. Tsui},
       TITLE = {On the performance of geometric charts with estimated control limits},
journal = {Journal of Quality Technology},
      VOLUME = {34},
       PAGES = {448-458}
}

@ARTICLE{Kaminsky/etc:1992,
        YEAR = {1992},
      AUTHOR = {F. C. Kaminsky and J. C. Benneyan and R. D. Davis},
       TITLE = {Statistical Control Charts Based on a Geometric Distribution},
     JOURNAL = {Journal of Quality Technology},
      VOLUME = {24},
       PAGES = {63-69}
}

@misc{Park/Wang:2020b,
  YEAR = {2020},
AUTHOR = {C. Park and M. Wang},
 title = {\texttt{rQCC}: Robust Quality Control Chart},
  note = {R package version 1.20.7 (published on July 5, 2020)},
howpublished = {\url{https://CRAN.R-project.org/package=rQCC}}
}

